2580 4514
189 298 294 385 ord.
312 303 403 389 IV.
420 305 553 390 Fam.
569 304 605 389 Ι
604 303 650 388 V
652 366 684 402 .,
703 299 1005 387 Hemerobini.
1038 301 1117 390 205

151 454 211 508 luto
222 497 229 522 ,
240 441 445 512 horisontatioe'r
456 462 596 514 abdomini
608 461 806 512 incumbentes.
818 459 961 513 Attamen
979 459 1119 526 elongato-

152 555 335 623 qnadratum,
349 575 430 627 snpra
446 560 578 628 planum,
595 560 697 627 poetice
713 557 890 609 rotundatum
912 565 960 607 aut
980 564 1119 621 retusum,

152 653 298 716 segmentis
310 655 585 707 lineari-transversis
596 678 603 720 3
618 655 765 726 appendice
776 653 937 706 brevissima
943 690 951 719 ,
963 642 1120 720 styliiormi,

153 751 267 816 conica,
289 750 479 817 biarticnlata,
497 768 531 802 ex
552 760 669 818 utroque
686 752 789 814 latere,
805 767 889 801 anum
908 765 1011 800 versus.
1035 750 1124 801 Pedes

153 845 268 910 breves3
281 846 359 899 tibiis
367 847 540 912 cylindricis,
553 846 683 914 elongatis
689 846 874 914 ,‘grsoilibns,
889 844 1005 913 spinulis
1016 844 1122 896 duabus

153 944 281 994 tribusve
294 943 327 994 ad
346 926 461 1012 apicem.

190 1043 300 1091 Ineeoto
320 1057 369 1107 per
390 1039 525 1106 myriades
543 1038 665 1089 infinitas
685 1037 824 1090 societates
841 1036 988 1101 ineuntis,
1006 1035 1104 1085 Africa
1114 1072 1122 1101 ,

153 1136 299 1187 Indiarum
309 1154 416 1188 summa
427 1137 582 1203 calamitas,
599 1135 775 1187 formicarum
787 1133 1018 1185 destructionibus
1030 1131 1124 1182 omni·
1192 1192 1197 1199 .

86 1226 92 1243 ⁸
157 1228 433 1280 modisaemnlatores.

192 1339 258 1388 Mas
274 1345 302 1387 et
314 1334 423 1407 femina
440 1336 521 1402 alati,
542 1310 827 1403 ¹similes3posterioris
840 1335 946 1401 solnm,
964 1333 1125 1402 gravitatio-

156 1433 200 1482 nis
214 1441 335 1500 ternpore
342 1471 350 1497 ,
364 1410 624 1484 abdomen'b'vorum
635 1424 752 1482 numero'
766 1424 934 1493 maximum,
947 1428 1025 1479 valde
1037 1408 1127 1496 turgi-

158 1528 242 1594 dum,
260 1529 307 1578 alas
327 1527 455 1578 decidua.
747 1593 749 1598 ,
1073 1510 1095 1522 b

192 1627 294 1676 Larvae
316 1617 434 1691 aphrae,
452 1600 568 1689 imagini
583 1621 638 1673 fere
657 1620 781 1686 similes,
799 1619 887 1688 capite
904 1618 1027 1686 majore,
1043 1616 1129 1666 oculis

159 1717 305 1785 ocellisque
329 1717 491 1784 plerumque
508 1716 595 1766 nullis
614 1724 661 1766 aut
683 1714 828 1778 obsoletis3
851 1712 969 1763 thorace'
982 1707 1126 1777 segmentis

158 1811 249 1861 tribus
270 1811 354 1861 nudis
367 1833 374 1875 3
389 1826 500 1877 corpore
516 1809 638 1861 molliori
653 1831 660 1874 3
679 1809 719 1860 hae
736 1809 797 1860 solae
817 1801 944 1875 opera'riae
955 1843 963 1870 ,
976 1788 1129 1855 habitatio-

158 1922 207 1957 nes
217 1914 264 1955 aut
276 1905 355 1955 nidos
368 1904 455 1954 forma
471 1906 578 1971 varios,
598 1905 724 1970 conioos,
741 1882 855 1954 turritos
870 1941 877 1968 ,
897 1900 1062 1968 cylindricos
1081 1916 1129 1950 ca-

159 2000 302 2067 pituloque
321 2008 445 2067 opertos,
460 2001 597 2068 globosos,
610 2001 685 2051 intus
705 1998 851 2063 daedaleos,
870 2016 904 2050 ex
925 2014 1026 2062 arena,
1046 2011 1130 2062 vege-

160 2097 307 2161 tabilium,
328 2097 539 2148 domesticarum
555 2096 766 2165 supellectilium
787 2095 930 2167 moloculis
947 2091 1129 2171 agglutinatis,

160 2201 312 2257 struentes,
328 2193 360 2243 in
380 2201 473 2259 operto
491 2209 596 2259 semper
611 2192 783 2255 laborantes,
800 2184 942 2240 cuniculos
958 2183 1006 2256 pro
1022 2188 1076 2239 viis
1096 2187 1130 2239 ad

162 2288 361 2340 habitationem
388 2289 552 2339 ducentibus
584 2297 719 2355 agentes,
754 2302 899 2356 corporum
929 2262 1131 2338 destructorum

159 2385 300 2452 superficie
311 2386 366 2435 sola
376 2385 484 2448 relicta,
497 2385 610 2452 proinde
620 2385 705 2451 magis
714 2364 890 2455 perniciosae}
897 2382 996 2434 sdbolis
1008 2363 1145 2451 procrea-'A

161 2481 267 2530 tionem
288 2490 315 2530 et
332 2497 382 2529 ora
401 2489 507 2545 curant.
554 2538 557 2542 ¹
886 2471 889 2474 ’

198 2589 287 2654 Pupoe
310 2585 394 2635 larvis
414 2584 532 2649 similes,
551 2594 578 2635 at
597 2586 692 2650 elytris
713 2587 816 2654 alisque
838 2587 998 2638 dimidiatis.

199 2691 332 2741 Neutrum
342 2689 351 2756 (
361 2690 449 2757 Pupoe
459 2688 599 2752 Fabricii)
610 2689 694 2740 larvis
702 2690 822 2741 formum
829 2692 1000 2758 proximum,
1012 2687 1133 2758 otcapi'te

162 2783 219 2834 fere
244 2783 328 2850 duplo
343 2783 486 2849 longiore,
501 2782 704 2847 suboyliudrico
726 2786 771 2835 vel
792 2786 1029 2852 elongato-orum
1052 2781 1134 2833 man-

164 2874 267 2925 dibulis
283 2875 385 2942 pariter
396 2875 484 2925 multo
494 2875 680 2940 longioribus,
693 2875 840 2942 ad-apioem
850 2877 1135 2943 elongato-uncina'tisj
1149 2914 1154 2919 „

165 2971 267 3037 acutis,
282 2970 412 3023 cruciatis
424 2993 432 3035 ς
451 2971 535 3021 latere
548 2971 829 3035 interno,'bidentato
839 2995 846 3036 3
858 2973 986 3025 dentibus
995 2973 1134 3033 brevibus,
1148 2990 1151 2995 ·

162 3067 224 3118 latis
235 3106 244 3133 ,
261 3067 398 3127 truncatis·
409 3077 457 3117 aut
469 3067 591 3134 obtusis,
610 3069 845 3134 snbemarginatis.

201 3175 341 3226 Societstis
355 3174 402 3225 hio
416 3175 481 3225 ordo
493 3175 632 3227 larvarum
652 3174 717 3227 sive'
729 3168 917 3245 operariortini
936 3179 1031 3231 ordine
1044 3163 1137 3232 minus

166 3272 313 3323 admodum
333 3273 454 3339 copiosus
472 3276 488 3339 ;'
500 3275 623 3325 militant
641 3284 751 3327 tantum
769 3285 797 3326 et
814 3277 936 3345 periculo
953 3263 1136 3342 imminente,

166 3367 255 3433 primo
276 3377 444 3434 occurrunt,
467 3369 572 3419 hostem
584 3370 756 3422 mandibulis·
764 3371 893 3423 forficatis
909 3360 1038 3441 pungunt
1053 3383 1081 3424 et
1099 3375 1137 3424 sic

165 3460 299 3514 familiam
319 3465 392 3514 tueri
413 3473 555 3517 conantur.
575 3466 615 3516 De
637 3462 765 3517 Termite'
780 3467 900 3539 lucifugo
922 3470 1041 3536 plurima
1062 3469 1134 3534 vidi,

164 3554 332 3606 insectorum
358 3559 471 3609 illorum
504 3563 654 3612 oeconomia
688 3579 744 3614 non
767 3572 863 3615 tumen
894 3565 959 3615 satis
990 3545 1136 3631 explorata.

166 3649 256 3715 Pupoe
283 3666 352 3701 vere
375 3669 389 3701 a
418 3654 497 3705 nullo
519 3655 686 3722 observatae5
707 3670 759 3708 neo
784 3660 860 3709 enim
882 3646 925 3709 'ita
947 3657 1003 3707 dici
1026 3665 1138 3724 possunt

167 3753 266 3798 neutra
276 3782 284 3815 ,
297 3763 359 3798 cum
374 3749 407 3800 ab
426 3750 545 3818 imagine
558 3750 676 3819 perfecto
686 3753 782 3823 capitis
792 3753 879 3806 forma
890 3762 950 3806 toto
959 3752 1026 3802 coelo
1036 3751 1137 3803 distent
