2580 4514
252 349 334 432 slso
474 339 1009 434 Inremfflrerodnera..
1061 367 1100 413 1.

248 502 379 593 latiore,
407 499 524 582 angulo
548 499 674 583 singulo
701 501 947 584 unipalpigcro,
973 499 1059 584 palpi
1086 496 1258 595 labiales,

248 607 376 695 proprie
406 605 483 668 dicti
512 607 637 689 magni,
655 608 784 684 exserti,
807 606 884 667 labii
905 603 1117 688 longitudine,
1135 603 1226 684 capi·

249 715 325 788 tuti,
348 709 489 773 articulis
508 712 610 775 ‚tribus
633 712 759 794 (stipite
780 713 884 774 basive
911 724 941 772 et
963 711 1044 771 infra
1075 708 1224 771 articuli·

247 820 345 881 sormi
368 840 432 879 non
452 832 631 898 computato
643 817 674 901 );
694 818 806 900 primis
819 817 942 880 duobus
955 815 1224 900 subcylindricis,

248 900 377 983 besilari
395 920 537 981 breviore
556 934 587 980 et
603 921 638 981 in
657 919 821 982 nonnullis
841 911 898 981 vix‘
914 921 956 982 ob
975 940 1131 981 summam
1151 919 1226 981 bra-

250 1027 382 1115 nilatem
403 1024 627 1103 discernendo,
650 1026 743 1087 tertio
759 1026 825 1088 sire
841 1024 954 1086 ultimo
972 1026 1107 1101 majore,
1125 1021 1228 1085 mullo

250 1131 414 1219 crassiore,
436 1129 510 1213 pilis
530 1129 681 1212 elongatis
705 1130 843 1200 hirsuto,
867 1129 1080 1193 subobconico
1100 1128 1153 1190 vel
1174 1129 1228 1192 in-

250 1237 646 1318 crassato-subobtrigono,
676 1235 715 1297 ad
745 1236 864 1318 apicem
894 1235 1024 1318 oblique
1049 1245 1226 1311 truncato,

250 1357 390 1429 pertuso,
409 1340 564 1401 foramine
582 1353 731 1418 esterno,
751 1337 829 1399 labii
851 1360 921 1420 pars
940 1339 1032 1400 tertia
1043 1351 1076 1399 et
1095 1338 1227 1412 ultima,
1254 1324 1258 1335 ⁴

251 1443 338 1515 ultra,
354 1442 465 1528 pulpos
486 1440 689 1524 precedentes
714 1461 900 1524 exsurgens,
932 1440 1107 1500 introrsum
1133 1439 1227 1522 paulo

251 1548 407 1636 gradatim
428 1544 617 1620 subinflexa,
634 1544 799 1626 gracilior,
820 1543 960 1626 longior,
979 1544 1227 1622 membranacea,
1253 1630 1256 1637 Ι

251 1649 659 1739 ¹triquetro-subcylindrica
683 1648 860 1727 (lateribus
885 1640 1094 1730 compressis)
1123 1663 1156 1709 et
1189 1648 1227 1710 ad
1251 1733 1255 1740 ι

250 1866 331 1932 lacie
354 1864 458 1928 antica
475 1875 506 1922 et
529 1861 630 1921 infera
649 1873 721 1921 cute
740 1860 879 1922 coriacea
896 1874 927 1921 et
944 1858 1118 1922 scutellum
1134 1860 1226 1922 subo-
1252 1848 1255 1855 ¹

252 1948 361 2037 vetum
382 1970 532 2032 referente
555 1966 665 2028 vestita
686 1966 700 2048 (
718 1965 739 2045 ).

263 2144 268 2151 .
291 2103 407 2180 corpus
430 2093 653 2179 cylindricum.
677 2094 778 2171 Caput
799 2091 1059 2173 semiglobosum,
1090 2094 1228 2157 thoracis
1251 2166 1256 2181 ἱ

250 2203 419 2269 latitudine
436 2215 489 2261 aut
509 2201 562 2262 rix
583 2198 763 2281 angustius5
782 2197 890 2258 ocellis
909 2199 1011 2260 tribus
1026 2201 1228 2283 approxime-

252 2308 310 2383 tisz,
331 2307 365 2369 in
386 2301 581 2386 triangulum
596 2300 696 2362 latum
716 2301 818 2360 autin
836 2300 953 2363 lineam
971 2317 1182 2366 transversam
1199 2319 1229 2367 et

252 2409 357 2485 medio
377 2422 553 2468 antrorsum
570 2402 806 2485 uniengulalam
827 2402 1005 2486 dispositis,
1019 2405 1134 2491 clypeo
1155 2409 1229 2492 (rra-

252 2543 325 2595 sus,
335 2513 453 2595 Kirby)
468 2511 551 2572 linea
563 2510 711 2591 impressa
725 2510 841 2591 poetice
855 2531 919 2570 non
931 2509 1097 2586 distincto,
1118 2510 1228 2574 latiore

253 2645 347 2707 quam
378 2617 540 2701 longiore,
566 2616 708 2704 margine
738 2615 840 2677 antico
864 2616 1007 2678 subrecta
1030 2629 1230 2698 transverso3

252 2724 333 2808 gulae
349 2721 458 2785 orbitae
469 2718 619 2780 lateribus
630 2738 711 2806 pone
721 2717 919 2778 mandibulas
931 2717 1077 2796 elevatis,
1092 2720 1230 2782 breviter

254 2823 452 2888 unicornutis
476 2834 529 2883 aut
562 2820 761 2881 unidentatis.
793 2823 913 2881 Thorax
941 2835 1105 2904 segmento
1124 2825 1230 2908 primo

254 2932 356 2993 eutice
378 2941 460 2991 recta
488 2940 659 2989 transverse
688 2939 853 3004 truncato3
882 2941 1041 3008 segmento
1064 2930 1174 2993 medio
1199 2930 1233 2992 in

299 3207 339 3278 (1)
369 3211 619 3263 Instrumentornm
645 3198 812 3263 cibariorum
838 3211 893 3263 hee
923 3212 1070 3280 peculiaris
1089 3215 1232 3284 dispositis

261 3300 372 3351 Uroceri
390 3319 473 3368 genus
495 3305 528 3355 ab
545 3307 672 3357 omnibus
690 3307 900 3375 Hymenopleris
916 3317 1053 3376 segregat,
1080 3325 1097 3359 a
1119 3310 1232 3362 dominc

256 3390 538 3461 Klug,'observatore
557 3402 678 3468 alioquin
700 3383 917 3468 accuratissimo,
938 3419 992 3454 non
1016 3403 1083 3456 satis
1102 3381 1234 3475 perpense

259 3500 307 3541 aut
330 3507 386 3541 non
411 3491 576 3543 sufficienter
600 3494 744 3563 explicata.'
763 3498 878 3549 Generis
900 3499 983 3565 hujus
1007 3497 1165 3554 divisiones
1191 3510 1236 3553 aut

259 3586 370 3639 familie
385 3586 418 3635 ab
436 3586 484 3636 illo
497 3590 638 3653 proposiloe
651 3608 666 3639 a
680 3593 794 3641 resilere
810 3593 891 3660 paulo
902 3592 1028 3642 aberrare
1036 3595 1113 3646 mibi
1134 3597 1234 3647 viden-

259 3693 324 3749 tur3
346 3681 418 3749 palpi
431 3682 587 3732 maxillares
601 3683 676 3754 enim
691 3685 859 3744 biurlioulati
870 3697 897 3738 et
907 3687 1018 3739 labiales
1034 3690 1234 3755 triarticulati,

259 3783 289 3834 iu'
308 3780 445 3847 speciebus
464 3781 602 3834 omuibus.
672 3832 675 3838 ,
731 3787 755 3818 ῖ-

1063 3908 1229 3974 scutellum
