2580 4514
281 361 471 449 Orull.
490 364 625 448 Fam.
645 361 718 463 L,
743 363 989 449 Montides.
1033 387 1037 399 ⁴
1076 333 1144 448 85¹⁹
1224 394 1235 408 ·

368 589 665 653 FAMILIA
706 591 929 654 PRIMA.

310 757 602 809 MANTIDES.
652 759 978 811 MANMDES.

176 916 182 926 ’
198 928 286 992 Tarsi
298 951 406 994 omnes
423 932 564 996 articulis
580 935 729 1019 quinque.
750 935 839 1018 Palpi
862 933 994 997 articulo
1016 931 1131 998 ultimo

156 1030 460 1114 cylindrico-conico
486 1036 704 1121 (cylindrico,
732 1035 771 1099 ad
798 1034 918 1120 apicem
945 1027 1110 1121 graciliore
1121 1056 1147 1117 ‚·

157 1134 268 1216 acuto)
289 1150 342 1196 aut
358 1151 458 1207 ovato,
475 1140 610 1203 Labium
627 1141 662 1205 in
674 1142 822 1204 omnihus
838 1141 985 1204 distincte
1001 1141 1132 1226 quadri-

156 1240 273 1318 fidum,
285 1241 410 1307 laciniis
421 1249 574 1330 angustis,
594 1247 633 1310 ad
644 1249 764 1331 apicem
782 1249 896 1326 acutis,
910 1245 994 1309 infra
1006 1246 1115 1310 saltem
1123 1259 1141 1323 ‚⁴

157 1345 300 1431 subaeque
325 1348 406 1413 latis.
429 1353 573 1435 (Corpus
593 1353 757 1436 saepissimc
783 1350 1053 1436 subcylindricum
1077 1362 1133 1412 aut

156 1450 300 1536 lineare;
332 1454 442 1538 elytris
475 1455 714 1520 horizontaliter
740 1456 1007 1519 incumbentibus.
1036 1453 1147 1516 Pedes·

158 1560 376 1623 tantummodo
396 1563 528 1624 cursorii
549 1585 616 1624 non
645 1563 821 1642 saltatorii3
847 1560 944 1624 antici
969 1560 1004 1622 in
1022 1556 1131 1621 multis

131 1663 317 1748 ¹raptorii.)

306 1867 605 1928 ululari
651 1834 976 1928 succisos.

364 2034 454 2083 GRY
463 2035 485 2082 L
494 2036 536 2086 Μ
545 2036 602 2084 DE
611 2037 639 2085 Β.
665 2035 921 2101 GRYLLONES.

195 2214 282 2298 Palpi
306 2211 438 2276 articulo
465 2213 581 2277 ultimo
609 2215 779 2290 obconico,
807 2213 914 2275 abasi
941 2211 980 2273 ad
1007 2213 1129 2294 apicem
1232 2255 1235 2260 -

156 2321 270 2382 sensim
294 2319 463 2394 crassiore,
490 2321 577 2403 apice
604 2334 765 2396 truncato,
788 2317 970 2382 vesiculoso.
993 2317 1130 2379 Labium

155 2424 383 2510 quadrifidum
404 2424 531 2488 laciniis
550 2426 670 2489 duabus
689 2426 823 2489 internis
845 2424 946 2487 multo
967 2424 1132 2508 angustio-

153 2531 260 2606 ribus,
281 2531 447 2610 minimis5
469 2529 652 2595 lateralibus
674 2534 760 2616 apice
785 2529 970 2594 rotundatis.
995 2528 1133 2591 Maxilla
1237 2531 1240 2537 ’

156 2639 244 2722 galea
262 2638 297 2700 in
315 2637 463 2700 omnibus
487 2636 630 2722 oblonga.
653 2639 748 2701 Pedes
769 2638 880 2721 postici
901 2637 1064 2711 saltatorii,
1085 2637 1153 2697 fef

154 2726 299 2807 moribus
318 2743 444 2827 magnis
469 2742 556 2804 Tarsi
582 2763 690 2804 omnes
717 2743 925 2805 triarticulati.
943 2740 1054 2823 Elytra
1079 2763 1132 2801 su-

152 2870 251 2934 perne
275 2847 513 2943 hori'aontaliter
536 2847 767 2925 incumbentia,
791 2846 882 2909 dorso
908 2847 1013 2930 plano.
1034 2844 1144 2928 (Ala-2

152 2980 225 3020 rum
241 2958 343 3040 apices
361 2956 469 3039 saepius
485 2967 594 3038 practer
612 2950 712 3038 elytra
730 2953 869 3014 multum
891 2951 1057 3034 producti,
1074 2972 1139 3013 an··'

152 3063 234 3147 gusti
253 3064 269 3139 ,'
294 3061 482 3123 luciformes.
509 3059 593 3143 styli
620 3057 683 3120 duo
714 3058 817 3120 anales
840 3055 1129 3140 elongato-conici}
1187 3075 1191 3087 ’

154 3165 365 3242 imminuisti,
388 3163 516 3242 villosi,
539 3165 574 3224 in
597 3161 755 3224 omnibns.
773 3164 926 3223 Antaunae
947 3158 1146 3244 plerumque!

153 3284 290 3348 setaceae,
309 3267 451 3332 articulis
478 3265 748 3330 numerosissimis.
770 3267 888 3349 Corpus
916 3264 1148 3350 suhcylindri··

157 3393 242 3434 cum.
266 3377 404 3434 Feminoe
416 3372 590 3436 multorum
605 3371 756 3434 oviductu
773 3383 907 3447 exserto,
927 3391 1057 3443 corneo,
1076 3389 1146 3450 cy··

152 3476 311 3553 liudrico,
336 3477 376 3540 ad
407 3476 526 3560 apicem
547 3475 684 3554 clavato,
709 3475 859 3557 bivclvi3
888 3473 1024 3538 valvulis
1042 3473 1129 3557 apice

152 3580 268 3644 bifidis.
280 3583 292 3665 )
