2580 4514
157 308 239 396 256
368 308 568 393 Incesta..
589 304 884 391 Pterodicera.

153 472 260 541 juribus
280 470 487 538 depromendae3
513 479 617 520 natura
638 469 742 519 etenim
767 470 852 536 magis
875 485 959 535 quarn
982 467 1128 522 hominnm

154 567 308 620 theoreticae
319 576 347 617 et
358 566 550 632 systematihns
568 565 746 616 credendum.
764 564 972 617 Observandum
987 575 1033 617 ¹est
1049 566 1130 617 etium

153 662 187 717 in
215 680 347 733 generum
373 662 562 713 characterum
590 661 759 728 expositione
789 661 888 711 seriem
911 661 1131 714 mathematicam

154 761 265 815 admitti
281 777 338 811 non
357 777 448 827 posse5
467 758 548 809 modo
565 767 703 821 antennae,
723 756 804 806 modo
818 756 1002 807 instrumenta
1015 757 1134 822 cibaria,

154 858 320 927 quandoque
339 873 404 907 vcro
421 835 584 923 organorum
606 862 698 905 motus
720 852 782 903 talis
807 861 855 903 aut
881 853 943 904 tulis
966 851 1132 904 modificatio

155 955 299 1021 prevalere
320 951 461 1002 videntur.

190 1049 228 1102 2⁰.
247 1050 433 1100 Instrumenta
450 1046 572 1109 cibaria,
588 1045 654 1095 iicet
673 1049 787 1115 exigue,
811 1048 877 1098 licet
897 1045 1043 1097 observatu
1059 1045 1132 1096 diffi-

155 1147 236 1209 cilia,
256 1145 322 1194 licet
341 1143 476 1210 litigiosa,
494 1141 661 1192 characteres
679 1151 770 1192 tamen
792 1142 937 1209 primarios
959 1151 987 1192 et
1013 1142 1133 1193 absolute

155 1236 337 1306 requirendos
354 1235 496 1286 exhibent.

190 1332 280 1401 3⁰·,lfl
299 1348 396 1399 genere
416 1332 536 1382 maxime
557 1330 678 1382 naturali
698 1346 796 1398 organa
816 1332 951 1398 precipua
972 1348 1092 1383 numero
1108 1341 1133 1382 et

156 1427 246 1479 forma
267 1427 361 1477 eadem
383 1444 438 1478 esse
458 1427 579 1491 dehent5
600 1444 656 1478 non
679 1427 833 1477 associanda
858 1428 944 1493 igitur
958 1444 1020 1494 ques
1033 1428 1064 1478 in
1075 1445 1133 1496 par·

157 1524 232 1574 tibus
251 1522 395 1574 nonnullis
411 1521 499 1589 reipsa
518 1523 704 1585 conveniunt,
723 1522 768 1572 sed
781 1522 881 1588 quein
892 1523 1014 1582 caeteris,
1037 1523 1090 1574 alia
1102 1524 1132 1574 ah

158 1619 220 1669 aliis
234 1616 398 1686 discrepant.
416 1617 586 1668 Insectorum
600 1634 697 1685 genera
710 1617 816 1667 alarum
834 1626 861 1666 et
877 1626 1063 1668 antennarum
1075 1619 1132 1668 har-

154 1715 249 1767 monia
267 1714 380 1766 fundata
400 1714 500 1764 exinde
516 1714 705 1781 repelluntur,
724 1713 747 1763 si
762 1712 926 1762 nutritionis
947 1715 1130 1764 instrumenta

157 1813 264 1864 diverse
283 1811 488 1862 constituantur
507 1819 555 1859 aut
567 1810 663 1860 saltem
680 1810 710 1859 in
728 1808 857 1860 methodo
873 1810 1015 1861 artificiali
1029 1820 1130 1862 tantum

156 1906 334 1957 admittenda.
353 1905 460 1956 Harum
475 1904 597 1972 partium
618 1903 705 1954 officia
721 1916 787 1955 sunt
804 1905 916 1971 majoris
936 1921 1049 1973 prorsus
1074 1923 1129 1958 mo-

66 2004 68 2009 ’
157 2004 247 2054 menti
267 2019 351 2069 quam
368 2003 474 2051 alarum
495 2000 609 2050 cellule.

193 2112 229 2163 4⁰.
251 2112 356 2179 Speciei
377 2129 436 2162 mas
447 2118 475 2160 et
484 2110 596 2180 femina
608 2108 734 2176 quamvis
747 2125 911 2176 organorum
932 2113 1129 2164 nonnullorum

155 2207 257 2269 forma,
277 2207 436 2269 coloribus,
456 2206 525 2256 aiter
545 2205 579 2254 ab
606 2186 695 2255 altero*
717 2204 856 2272 distincti,
884 2207 987 2257 animal
1008 2208 1081 2260 idem
1104 2209 1130 2260 in

155 2299 253 2351 urdine
272 2299 393 2348 naturali
412 2297 531 2348 habendi
547 2305 621 2347 sunt.
642 2297 686 2347 Ad
711 2315 843 2365 generum
863 2301 1073 2368 specierumque
1090 2303 1132 2352 de-

155 2394 337 2462 signationem
354 2393 520 2444 characteres
536 2393 614 2443 sexui
633 2394 716 2442 unico
735 2396 858 2462 proprios
875 2405 924 2445 ant
937 2413 1098 2448 communes
1108 2407 1132 2450 at

153 2489 390 2544 formadiversos
417 2488 546 2539 adhibere
567 2489 779 2556 compellimur,
802 2500 829 2540 et
847 2491 897 2541 hoc
917 2493 989 2544 vitio
1012 2494 1131 2545 laborant

151 2586 280 2638 methodi
301 2601 406 2635 omnes.

193 2682 231 2734 5⁰.
250 2682 326 2733 Ordo
350 2680 484 2732 naturalis
510 2697 617 2731 summe
642 2680 786 2748 diligentia
807 2684 1006 2751 explorandns5
1034 2687 1134 2753 Hyme-

157 2791 272 2850 noptere
289 2781 320 2831 in
335 2779 505 2831 terebrantia
520 2789 548 2829 et
570 2779 699 2832 aculeata
718 2780 828 2832 dividit.
839 2781 953 2832 Domini
966 2785 1068 2835 Jurine
1078 2803 1134 2836 me-

156 2878 256 2929 thodus
272 2877 353 2927 seriei
372 2874 493 2927 naturali
506 2875 536 2925 in
554 2875 695 2942 perpaucis
707 2876 878 2939 adversatur,
899 2893 964 2927 cunr
986 2880 1134 2948 Cynipaera

157 2973 192 3023 ab
214 2970 470 3041 Icheumonidibua,
490 2969 617 3022 Mutilloe
633 2980 661 3022 et
678 2972 812 3023 Fonnicoe
833 2987 848 3020 e
867 2972 1070 3043 szhiialonge
1086 2975 1136 3026 dis·

157 3075 219 3116 tant
237 3075 264 3116 et
285 3064 413 3135 Apiariia
430 3064 621 3126 succedentia,
634 3064 902 3131 Hymenopterorum
920 3065 1053 3118 ordinem
1066 3069 1137 3120 cleu-

159 3162 236 3213 dant.

195 3255 235 3304 60.
255 3257 397 3308 Generum
409 3257 592 3323 characteres,
604 3253 653 3308 alii
663 3273 727 3307 cum
740 3257 818 3321 aliis,
833 3260 1031 3326 comparandi,
1045 3262 1140 3314 sectio-

159 3366 207 3400 nes
222 3350 450 3416 multiplicandae,
466 3362 498 3403 ut
519 3354 623 3420 generis
640 3352 816 3419 investigatio
832 3350 940 3403 facilior
958 3355 1071 3408 evadat.

194 3493 278 3544 Nunc
294 3490 402 3541 domini
417 3493 514 3543 Jnrine
530 3494 750 3562 terminologiam
766 3510 829 3544 cum
849 3502 942 3543 nostra
954 3496 1140 3550 conferamus.

196 3593 299 3658 Stigma
310 3618 344 3630 -
354 3599 499 3659 punctum,
518 3611 629 3660 carpus,
646 3596 667 3643 J
671 3610 776 3644 vernn.

195 3691 253 3740 Atae
270 3705 373 3756 superte
392 3705 484 3755 margo
506 3691 625 3740 exterior
643 3690 699 3740 sive
713 3700 785 3741 costa
804 3707 819 3740 a
842 3690 901 3741 basi
921 3691 955 3741 ad
973 3694 1078 3761 stigma
1097 3704 1143 3746 aut

162 3797 296 3856 punctum
311 3818 345 3831 -
357 3791 463 3848 tudine,
484 3789 507 3839 J.

1069 3903 1145 3955 Basia
