2580 4514
156 381 231 438 102
376 350 565 438 Insccla.
600 353 894 440 Pterodiccra·

318 590 617 653 FAMILIA
668 589 954 669 QUARTA.

380 768 598 820 AGRYDII.
625 771 881 823 Acunum.

1032 872 1038 899 l

186 942 431 998 Osssnvsrsouss.
448 947 588 1003 Antennoe
605 945 746 998 filiformcs
763 955 811 997 aut
821 946 980 998 subsetacen
994 945 1042 998 vel
1055 944 1122 1016 pris-

152 1040 437 1107 matico-ensiformes,
455 1044 486 1094 in
501 1042 644 1094 nonnullis
658 1052 812 1095 extrorsum
825 1043 979 1106 crassiores,
998 1041 1123 1110 subaspi-

152 1145 231 1197 tsta,
254 1137 371 1190 thoracis
383 1141 536 1207 corporisve
550 1139 661 1191 dimidii
679 1138 852 1209 longitudine
860 1177 869 1205 ,
890 1137 1017 1190 articulis
1028 1154 1045 1189 a
1058 1138 1123 1189 duo-

152 1229 243 1282 decim
259 1232 424 1284 tredecimve
434 1234 468 1285 ad
484 1234 585 1304 viginti
602 1234 737 1303 quinque.
757 1232 877 1286 Dabrum
893 1231 989 1299 sapius
1006 1230 1124 1298 emargi-

152 1336 258 1379 natum.
277 1328 451 1382 Mandibulas
471 1330 691 1382 multi-dentata.
705 1327 794 1398 Palpi
811 1326 927 1379 articulo
939 1324 1123 1403 ultimo'sub-

153 1425 291 1479 oboonioo.
309 1427 442 1482 Maxilla
460 1431 535 1499 apice
551 1431 712 1482 tridentatse.

188 1521 310 1573 Habitus
325 1524 506 1586 locustarum,
525 1534 553 1576 at
570 1541 668 1592 corpus
684 1524 812 1590 crassius,
830 1521 945 1590 pedibus
962 1520 1124 1573 robustiori-

153 1613 222 1679 bus,
244 1613 375 1686 (posticis
394 1612 561 1690 prasertim)
586 1619 777 1682 brevioribus,
804 1616 838 1667 sd
862 1615 1019 1680 saltandum
1043 1614 1124 1682 magis

152 1711 275 1777 idoneis3
292 1723 409 1781 quatuor
431 1716 597 1783 porticorum
620 1714 728 1783 singulo
746 1714 780 1764 ab
802 1712 924 1780 ejusdem
948 1700 1026 1779 paris
1043 1709 1125 1762 altero

153 1807 300 1860 intervallo
314 1827 412 1879 magno
429 1812 545 1864 distante
562 1810 689 1882 (pectore
705 1811 760 1862 late
779 1818 807 1858 et
819 1807 974 1877 quadratim
987 1805 1124 1876 extenso).

155 1901 245 1954 Orelli
256 1913 312 1955 tres
328 1906 468 1972 distincti,
487 1905 618 1958 frontales
632 1899 682 1973 per
695 1903 866 1971 triangulum
880 1901 1021 1969 dispositi,
1036 1917 1071 1951 ox
1083 1899 1124 1951 his

154 2011 211 2049 uno
221 2000 384 2068 plerumque
399 2002 534 2066 solitario,
554 2001 659 2065 iniero,
671 1998 884 2051 carinaesulculo
902 2006 929 2047 et
944 1997 1019 2047 inter
1031 2004 1125 2046 anten-

154 2111 203 2145 nas
220 2096 323 2147 inserto
342 2119 349 2162 3
366 2098 473 2150 duobus
493 2096 555 2148 aliis
574 2107 758 2148 antennarum
777 2095 956 2146 insertionem
976 2110 1076 2162 supra,
1093 2092 1126 2144 ad

154 2192 298 2242 oculorum
316 2193 467 2260 marginem
486 2193 638 2244 internum.
653 2191 753 2262 Elytra
770 2190 800 2241 in
818 2199 936 2257 utroque
954 2205 1022 2239 sexu
1040 2187 1128 2239 cousi-

154 2287 251 2352 milia,
270 2289 400 2354 masculi,
417 2287 471 2340 alas
480 2288 557 2342 tibiis
567 2287 676 2356 posticis
684 2264 808 2338 fricando
823 2284 956 2349 strident,
971 2292 999 2335 et
1012 2269 1127 2335 feminas

156 2382 293 2434 alliciunt.

4 2586 8 2591 >
113 2604 115 2608 ,
144 2559 184 2617 -Ῑ,
209 2558 253 2620 Os
275 2557 424 2616 detectum
434 2581 446 2631 ;
465 2569 608 2616 antenna
628 2557 768 2616 articulis
786 2578 806 2614 a
825 2556 930 2615 decem
950 2565 981 2611 et
1000 2564 1065 2611 octo
1091 2552 1134 2611 ad

194 2665 310 2743 viginti
327 2675 457 2743 quatuor
466 2688 479 2736 ;
498 2665 592 2743 galea
604 2683 734 2744 magna,
755 2663 972 2741 aubabttigona
989 2659 1042 2719 vel
1059 2657 1132 2717 sub·

195 2780 310 2842 ovata,·
341 2769 459 2827 labium
480 2769 633 2846 bifidum,
664 2770 848 2828 laciniarum
869 2765 1000 2826 articulo
1023 2764 1132 2823 ultim

195 2885 365 2934 transverso
375 2898 389 2948 ;
400 2886 550 2933 turcorum
560 2875 708 2934 articulus
721 2874 846 2933 ultimus
859 2870 1031 2952 appendice
1043 2892 1133 2929 mem·

196 2978 364 3049 brauacea,
384 2978 568 3049 rotundatu,
589 2980 669 3038 inter
692 2998 807 3058 ungues
825 2978 991 3054 interjecta.

195 3123 360 3225 CCCLVI,
374 3165 495 3236 Ganos.
517 3171 731 3226 Purustonr.
753 3169 931 3252 Pneumors.

196 3271 387 3340 Pneunwru,
416 3273 553 3328 Tauria.
566 3305 607 3315 —
622 3271 749 3350 Gryllus
774 3265 953 3350 (Locusta)
965 3310 976 3338 ,
1001 3271 1113 3328 [ΛΜ.
1125 3313 1136 3340 ,

158 3373 243 3431 Fas.
268 3405 308 3416 —
331 3373 520 3452 Acrydium,
541 3395 587 3433 nr
606 3375 703 3432 Gara
714 3419 725 3445 ,
750 3375 914 3433 Oarrrrr.

198 3479 353 3538 Antennoe
373 3476 534 3538 filiformes
550 3478 703 3560 (articulis
725 3501 741 3537 a
760 3479 913 3541 sexdecim
933 3475 971 3537 ad
984 3475 1131 3560 viginti).

158 3584 260 3642 Pedes
286 3604 394 3643 omnes
420 3605 549 3666 corpore
578 3585 744 3646 breviores.
774 3587 871 3646 Ocelll
899 3583 1135 3667 approximati,

159 3689 242 3748 inter
257 3709 288 3749 se
309 3688 452 3770 subaeque
465 3688 577 3751 dissiti.
603 3690 764 3752 Abdamen
784 3691 893 3774 saepius
906 3685 1117 3752 vesiculosum
1126 3731 1136 3764 ,

161 3803 195 3851 ut
219 3813 370 3867 vacuum,
390 3791 547 3853 inflatum.
