2580 4514
189 274 282 410 nalix
371 346 376 353 ’
404 325 596 411 Jnsuta·
615 293 907 411 Pterodtoem.

183 487 310 553 Lacu,
330 504 378 544 un
390 484 507 553 Genu,
526 483 667 550 Iustu„
687 481 801 540 Paua.
818 508 859 525 -
873 477 1003 546 cabo,
1024 473 1161 540 Gustu.

184 622 225 634 -
251 591 453 658 Cluvellario,
473 589 661 645 Lautior.

219 695 377 755 Anoennoe
387 691 529 770 (breves)
540 687 681 765 elavatae3
702 688 844 750 articulis
857 685 1017 747 distinctis
1028 705 1047 745 a
1059 683 1161 766 qnin-

180 820 241 882 que
260 797 298 857 ad
320 811 452 880 septem,
484 795 575 855 tertio
596 793 779 878 longissimo
798 819 807 873 3
831 792 917 857 clara
943 790 1161 854 subobeonics

179 904 233 965 aut
252 905 385 965 cbovata
395 949 405 977 ,
425 900 465 962 ad
487 903 608 989 apicem
627 900 803 962 rotundatu.

214 1061 458 1111 (iunctarum
471 1054 592 1108 habrum
603 1056 700 1123 apios
715 1073 839 1123 panum.
857 1054 971 1124 etypm
985 1053 1158 1121 pleramque

176 1153 265 1204 antiae
281 1150 475 1217 emarginatns.
497 1147 676 1200 Mandibuloe
693 1148 807 1211 aalide,
823 1156 925 1209 acuta,
938 1147 1024 1204 latere
1042 1145 1157 1202 intem

174 1249 266 1300 valide
282 1256 310 1298 ct
330 1254 409 1296 acute
428 1243 580 1296 bidentatc.
598 1243 687 1311 Palpr‘
704 1243 861 1299 maxillares
872 1241 1028 1304 infirmes,
1041 1241 1154 1291 labiali·

174 1345 229 1394 bna
239 1359 296 1393 non
306 1342 396 1392 multo
408 1339 545 1406 longiores
557 1377 565 1403 ,
585 1339 709 1395 maxillis
726 1339 864 1395 breviores
881 1347 929 1388 aut
945 1338 994 1388 vix
1007 1337 1153 1405 longiores,

173 1443 290 1492 Fenscra
308 1437 410 1505 postica
428 1436 458 1485 in
477 1435 606 1488 ma'sculia
613 1434 710 1501 asapius
719 1434 872 1485 incrassata.
881 1433 948 1487 Atoe
956 1449 1064 1499 superae
1072 1448 1153 1490 anas*

174 1534 273 1586 tamesi
287 1534 325 1602 (a)
345 1531 433 1599 prima
452 1539 480 1582 at
499 1539 654 1586 transterit
668 1529 723 1587 lale
742 1537 873 1592 arcuata,
891 1529 1019 1589 subrecta
1036 1537 1066 1581 et
1084 1545 1151 1585 cra·

204 1779 243 1849 (r)
260 1777 375 1843 Frisch,
391 1777 508 1841 Harris,
523 1776 629 1850 Kirby,
645 1787 712 1841 etc,
725 1776 832 1827 alarum
848 1773 1073 1825 reticulationem
1087 1773 1148 1823 cha-

173 1884 289 1926 racteres
305 1874 443 1942 genericos
458 1883 486 1924 et
500 1874 675 1925 secundarios
690 1873 819 1925 exhibere
832 1873 1033 1940 observarnut3
1051 1880 1081 1921 at
1092 1889 1148 1922 me-

172 1970 289 2031 thodum
305 1970 463 2038 propriam,
480 1969 524 2025 his
539 1966 611 2021 notis
627 1970 771 2035 innixam,
787 1970 908 2038 primum
928 1968 1057 2025 condidit
1079 1967 1148 2024 cele-

172 2062 417 2112 berrimuslurine
430 2084 440 2134 ἦ
451 2062 529 2115 illius
552 2071 644 2117 tamen
666 2062 699 2113 de
719 2061 915 2133 hymenopteris
933 2077 1001 2128 opus
1020 2060 1147 2111 nondum

175 2139 218 2207 in*
231 2159 322 2207 lucem
342 2157 457 2209 editum.
477 2159 737 2226 Hymenoprerorum
759 2156 806 2206 alae
829 2157 982 2224 superiores
1003 2159 1145 2234 magisque

174 2249 341 2312 reticulate,
367 2248 397 2298 in
415 2258 467 2301 tres
485 2265 560 2307 areas
573 2243 737 2299 transversas
755 2248 844 2299 dividi
857 2258 988 2315 possunt;
1010 2248 1148 2306 1'.basia‚

173 2345 211 2398 2⁰.
239 2346 371 2409 medium,
402 2344 439 2397 3⁰.
468 2364 546 2415 apex.
581 2345 616 2397 1⁰.
644 2346 727 2396 Basia
750 2345 783 2394 ab
803 2345 851 2394 alae
872 2345 978 2411 origiue
999 2345 1101 2417 incipit
1119 2354 1145 2396 et

171 2460 257 2511 usque
282 2442 315 2492 ad
336 2442 452 2511 primam
474 2442 664 2527 anastomosim
681 2451 861 2500 transversam
881 2441 937 2490 sire
952 2443 1033 2492 nervi
1055 2443 1145 2511 longi-

170 2537 306 2589 tndinalis.
320 2546 347 2587 et
368 2545 443 2589 costae
466 2538 550 2605 magis
568 2537 687 2604 proximi
707 2535 827 2609 ramulos
844 2535 898 2586 duo
921 2535 1046 2604 primos,
1064 2538 1145 2605 paulo

170 2642 232 2683 ante
243 2648 325 2698 quarn
339 2648 441 2680 nervus
459 2631 584 2681 internus
603 2639 680 2679 costae
697 2612 842 2697 adiunctus
861 2638 1015 2679 coarctetur
1029 2639 1058 2680 et
1074 2631 1144 2681 dila-

168 2736 242 2776 tatus
251 2728 375 2792 stigmate
385 2734 519 2792 punctore
529 2725 658 2776 crassiore
672 2723 890 2794 (cammaris,
905 2723 992 2786 Kirby
1003 2725 1013 2793 )
1026 2725 1143 2792 desinat,

169 2822 338 2889 protrahitur
349 2821 457 2886 ,nervis
469 2820 574 2870 dnobus
587 2820 711 2870 tribusve
722 2821 751 2869 in
763 2818 875 2869 totidem
890 2819 993 2868 areolas
1004 2822 1143 2889 elongatos

166 2913 302 2964 dividitur
323 2914 484 2981 plerumque
503 2934 509 2978 3
531 2913 706 2962 anastomosis
724 2928 804 2979 supra
827 2911 900 2961 dicta
920 2927 1073 2965 nervorum
1093 2917 1144 2967 ho-

165 3023 230 3057 rum
242 3007 326 3073 primi
335 3008 392 3056 sive
407 3007 493 3073 magis
504 3007 611 3056 externi
624 3006 740 3057 ramulis
748 3006 854 3056 duobus
863 3005 1002 3060 efformari
1018 3009 1142 3065 videtur.

164 3098 203 3149 2⁰.
224 3101 343 3150 Medium
361 3100 437 3151 basin
455 3101 652 3177 subsequitur,
666 3101 751 3151 limbo
763 3101 884 3168 portico,
896 3102 991 3151 nervis
1005 3103 1141 3157 destituto

163 3204 210 3243 aut
225 3195 319 3244 saltem
333 3211 388 3244 non
408 3198 573 3262 reticulato,
590 3199 753 3262 delinitum
769 3199 816 3248 alae
835 3199 886 3248 hoc
906 3199 1028 3265 spatium
1042 3204 1139 3254 areolae

160 3290 191 3340 in
207 3290 308 3354 triplici
320 3291 415 3341 ordine
428 3311 475 3360 per
487 3295 573 3363 lineas
585 3296 797 3362 longitudinales
809 3304 837 3344 et
855 3295 980 3361 obliquas
999 3268 1139 3366 disposite

159 3396 307 3453 occupant,
320 3404 418 3457 nervos
426 3391 491 3453 duo,
500 3391 617 3442 limbum
630 3395 764 3460 posticum
778 3408 872 3442 versus
885 3366 1043 3458 productos,
1054 3397 1139 3445 emit-

157 3486 287 3548 titcosta5
298 3501 370 3533 unus
380 3502 394 3533 e
404 3483 526 3550 stigmate
537 3490 672 3554 prodiens,
683 3492 710 3539 in
721 3491 873 3556 marginem
881 3499 1043 3555 externum,
1054 3494 1138 3560 paulo

154 3592 217 3632 ante
225 3581 308 3655 apicis
317 3582 449 3647 angulum
463 3620 469 3644 ,
484 3583 678 3654 immergi-tur,
701 3586 755 3636 lraec
765 3589 917 3638 areolarum
929 3590 1020 3655 prima
1032 3592 1135 3642 series:

154 3677 235 3724 nobis
247 3676 347 3726 areolae
360 3676 526 3745 marginales
536 3701 546 3738 ‚·
560 3695 660 3728 nervus
671 3681 739 3730 alter
749 3700 763 3730 e
773 3692 844 3732 costa
858 3683 939 3732 etiam
951 3700 1020 3750 saepe
1034 3686 1136 3750 oritur,

151 3771 199 3819 alae
217 3773 299 3837 apicis
317 3774 442 3824 modium
462 3791 553 3824 versus
576 3775 677 3838 tendit,
699 3778 833 3845 solitarie,
858 3779 957 3830 areolis
975 3782 1136 3844 conclusis,
